
% Trabajo fundacional de McCombs en Chapell Hill 
@article{mccombs1972agenda,
  title={The agenda-setting function of mass media},
  author={McCombs, Maxwell E and Shaw, Donald L},
  journal={Public opinion quarterly},
  volume={36},
  number={2},
  pages={176--187},
  year={1972},
  publisher={Oxford University Press}
}

@article{mccombs2014agenda,
  title={Agenda-Setting Theory: The Frontier Research Questions},
  author={McCombs, M and Valenzuela, S},
  journal={Estados Unidos: Oxford handbooks online},
  year={2014}
}

@article{mccombs2005look,
  title={A look at agenda-setting: Past, present and future},
  author={McCombs, Maxwell},
  journal={Journalism studies},
  volume={6},
  number={4},
  pages={543--557},
  year={2005},
  publisher={Taylor \& Francis}
}


@article{scikit-learn,
 title={Scikit-learn: Machine Learning in {P}ython},
 author={Pedregosa, F. and Varoquaux, G. and Gramfort, A. and Michel, V.
         and Thirion, B. and Grisel, O. and Blondel, M. and Prettenhofer, P.
         and Weiss, R. and Dubourg, V. and Vanderplas, J. and Passos, A. and
         Cournapeau, D. and Brucher, M. and Perrot, M. and Duchesnay, E.},
 journal={Journal of Machine Learning Research},
 volume={12},
 pages={2825--2830},
 year={2011}
}

% Paper setting the agenda. Axelrod model
@article{pinto2016setting,
  title={Setting the agenda: Different strategies of a Mass Media in a model of cultural dissemination},
  author={Pinto, Sebasti{\'a}n and Balenzuela, Pablo and Dorso, Claudio O},
  journal={Physica A: Statistical Mechanics and its Applications},
  volume={458},
  pages={378--390},
  year={2016},
  publisher={Elsevier}
}

% Intermedia agenda, global news
@article{Guo2017,
author = {Guo, Lei and Vargo, Chris J and Flow, International News and Data, Big and Setting, Intermedia Agenda and News, Online},
doi = {10.1111/jcom.12311},
keywords = {10,1111,12311,big data,doi,for example,information is not balanced,intermedia agenda setting,international communication,international news flow,jcom,online news,presi-,s,the structure of international,theory,u,world system},
pages = {499--520},
title = {{Global Intermedia Agenda Setting: A Big Data Analysis of International News Flow}},
volume = {67},
year = {2017}
}

@article{vargo2017networks,
  title={Networks, Big Data, and Intermedia Agenda Setting: An Analysis of Traditional, Partisan, and Emerging Online US News},
  author={Vargo, Chris J and Guo, Lei},
  journal={Journalism \& Mass Communication Quarterly},
  pages={1077699016679976},
  year={2017},
  publisher={SAGE Publications Sage CA: Los Angeles, CA}
}

@article{harder2017intermedia,
  title={Intermedia Agenda Setting in the Social Media Age: How Traditional Players Dominate the News Agenda in Election Times},
  author={Harder, Raymond A and Sevenans, Julie and Van Aelst, Peter},
  journal={The International Journal of Press/Politics},
  pages={1940161217704969},
  year={2017},
  publisher={SAGE Publications Sage CA: Los Angeles, CA}
}

@article{russell2014dynamics,
  title={The dynamics of public attention: Agenda-setting theory meets big data},
  author={Russell Neuman, W and Guggenheim, Lauren and Mo Jang, S and Bae, Soo Young},
  journal={Journal of Communication},
  volume={64},
  number={2},
  pages={193--214},
  year={2014},
  publisher={Wiley Online Library}
}

@article{guggenheim2015dynamics,
  title={The dynamics of issue frame competition in traditional and social media},
  author={Guggenheim, Lauren and Jang, S Mo and Bae, Soo Young and Neuman, W Russell},
  journal={The ANNALS of the American Academy of Political and Social Science},
  volume={659},
  number={1},
  pages={207--224},
  year={2015},
  publisher={SAGE Publications Sage CA: Los Angeles, CA}
}

@inproceedings{tsur2015frame,
  title={A Frame of Mind: Using Statistical Models for Detection of Framing and Agenda Setting Campaigns.},
  author={Tsur, Oren and Calacci, Dan and Lazer, David},
  booktitle={ACL (1)},
  pages={1629--1638},
  year={2015}
}

@misc{McCombs2015,
abstract = {Interview with Professor Maxwell McCombs - one of the two founding fathers of empirical research on the agenda-setting function of the press},
author = {McCombs, Maxwell},
title = {{New trends in agenda-setting research}},
year = {2015}
}

% Use of NMF in document clustering
@inproceedings{xu2003document,
  title={Document clustering based on non-negative matrix factorization},
  author={Xu, Wei and Liu, Xin and Gong, Yihong},
  booktitle={Proceedings of the 26th annual international ACM SIGIR conference on Research and development in informaion retrieval},
  pages={267--273},
  year={2003},
  organization={ACM}
}

# Raw Graphs
@inproceedings{rawgraphs,
 author = {Mauri, Michele and Elli, Tommaso and Caviglia, Giorgio and Uboldi, Giorgio and Azzi, Matteo},
 title = {RAWGraphs: A Visualisation Platform to Create Open Outputs},
 booktitle = {Proceedings of the 12th Biannual Conference on Italian SIGCHI Chapter},
 series = {CHItaly '17},
 year = {2017},
 isbn = {978-1-4503-5237-6},
 location = {Cagliari, Italy},
 pages = {28:1--28:5},
 articleno = {28},
 numpages = {5},
 url = {http://doi.acm.org/10.1145/3125571.3125585},
 doi = {10.1145/3125571.3125585},
 acmid = {3125585},
 publisher = {ACM},
 address = {New York, NY, USA},
 keywords = {Visualization tools, data visualization, open output, visual interface},
}

@article{griffiths2004finding,
  title={Finding scientific topics},
  author={Griffiths, Thomas L and Steyvers, Mark},
  journal={Proceedings of the National academy of Sciences},
  volume={101},
  number={suppl 1},
  pages={5228--5235},
  year={2004},
  publisher={National Acad Sciences}
}

@article{lee1999learning,
  title={Learning the parts of objects by non-negative matrix factorization},
  author={Lee, Daniel D and Seung, H Sebastian},
  journal={Nature},
  volume={401},
  number={6755},
  pages={788--791},
  year={1999},
  publisher={Nature Publishing Group}
}

@article{sagarzazu2017hugo,
  title={Hugo Chavez’s Polarizing Legacy: Chavismo, Media, and Public Opinion in Argentina’s Domestic Politics},
  author={Sagarzazu, Inaki and Mouron, Fernando},
  journal={Revista de Ciencia Pol{\'\i}tica},
  volume={37},
  number={1},
  year={2017},
  publisher={Pontificia Universidad Cat{\'o}lica de Chile}
}

# Trabajos de Eduardo Zunino
@article{zunino2010cobertura,
  title={La cobertura medi{\'a}tica del conflicto campo-gobierno. Un estudio de caso},
  author={Zunino, Esteban and Aruguete, Natalia},
  journal={Global Media Journal},
  volume={7},
  number={14},
  year={2010},
  publisher={Instituto Tecnol{\'o}gico y de Estudios Superiores de Monterrey}
}

@article{koziner2013cobertura,
  title={La cobertura medi{\'a}tica de la estatizaci{\'o}n de YPF en la prensa argentina: un an{\'a}lisis comparativo entre los principales diarios del pa{\'\i}s},
  author={Koziner, Nadia and Zunino, Esteban},
  journal={Global Media Journal},
  volume={10},
  number={19},
  year={2013},
  publisher={Instituto Tecnol{\'o}gico y de Estudios Superiores de Monterrey}
}

# Trabajos de Mitchelstein (lo de la brecha de noticias)

@article{mitchelstein2016brecha,
  title={La brecha de las noticias en Argentina: factores contextuales y preferencias de periodistas y p{\'u}blico},
  author={Mitchelstein, Eugenia and Boczkowski, Pablo J and Wagner, Celeste and Leiva, Silvana},
  journal={Palabra Clave},
  volume={19},
  number={4},
  year={2016},
  publisher={Universidad de La Sabana}
}

@article{mitchelstein2017information,
  title={Information, Interest, and Ideology: Explaining the Divergent Effects of Government-Media Relationships in Argentina},
  author={Mitchelstein, Eugenia and Boczkowski, Pablo J},
  journal={International Journal of Communication},
  volume={11},
  pages={20},
  year={2017}
}



# Shannon entropy for measure agenda diversity
@article{boydstun2014importance,
  title={The importance of attention diversity and how to measure it},
  author={Boydstun, Amber E and Bevan, Shaun and Thomas, Herschel F},
  journal={Policy Studies Journal},
  volume={42},
  number={2},
  pages={173--196},
  year={2014},
  publisher={Wiley Online Library}
}

% Donde dice que la raiz cuadrada de Jensen-Shannon es una distancia metrica
@inproceedings{fuglede2004jensen,
  title={Jensen-Shannon divergence and Hilbert space embedding},
  author={Fuglede, Bent and Topsoe, Flemming},
  booktitle={Information Theory, 2004. ISIT 2004. Proceedings. International Symposium on},
  pages={31},
  year={2004},
  organization={IEEE}
}

% Ve cambios en la reaccion de Twitter y los medios tradicionales
% ante el cambio en la tasa de desempleo
@article{soroka2017negativity,
  title={Negativity and Positivity Biases in Economic News Coverage: Traditional Versus Social Media},
  author={Soroka, Stuart and Daku, Mark and Hiaeshutter-Rice, Dan and Guggenheim, Lauren and Pasek, Josh},
  journal={Communication Research},
  pages={0093650217725870},
  year={2017},
  publisher={SAGE Publications Sage CA: Los Angeles, CA}
}

% Fake news
@article{vargo2017agenda,
  title={The agenda-setting power of fake news: A big data analysis of the online media landscape from 2014 to 2016},
  author={Vargo, Chris J and Guo, Lei and Amazeen, Michelle A},
  journal={new media \& society},
  pages={1461444817712086},
  year={2017},
  publisher={SAGE Publications Sage UK: London, England}
}

% Social media exposure
@article{feezell2017agenda,
  title={Agenda Setting through Social Media: The Importance of Incidental News Exposure and Social Filtering in the Digital Era},
  author={Feezell, Jessica T},
  journal={Political Research Quarterly},
  pages={1065912917744895},
  year={2017},
  publisher={SAGE Publications Sage CA: Los Angeles, CA}
}

@article{messing2014selective,
  title={Selective exposure in the age of social media: Endorsements trump partisan source affiliation when selecting news online},
  author={Messing, Solomon and Westwood, Sean J},
  journal={Communication Research},
  volume={41},
  number={8},
  pages={1042--1063},
  year={2014},
  publisher={Sage Publications Sage CA: Los Angeles, CA}
}

@article{calvo2016time,
  title={Time to\# Protest: Polarization and Time-to-Retweet in Argentina},
  author={Calvo, Ernesto and Aruguete, Natalia},
  year={2016}
}

@article{malik2016macroscopic,
  title={A macroscopic analysis of news content in Twitter},
  author={Malik, Momin M and Pfeffer, J{\"u}rgen},
  journal={Digital Journalism},
  volume={4},
  number={8},
  pages={955--979},
  year={2016},
  publisher={Taylor \& Francis}
}

@article{bakshy2015exposure,
  title={Exposure to ideologically diverse news and opinion on Facebook},
  author={Bakshy, Eytan and Messing, Solomon and Adamic, Lada A},
  journal={Science},
  volume={348},
  number={6239},
  pages={1130--1132},
  year={2015},
  publisher={American Association for the Advancement of Science}
}

% LDA
@article{blei2003latent,
  title={Latent dirichlet allocation},
  author={Blei, David M and Ng, Andrew Y and Jordan, Michael I},
  journal={Journal of machine Learning research},
  volume={3},
  number={Jan},
  pages={993--1022},
  year={2003}
}

% Topic coherence
@article{o2015analysis,
  title={An analysis of the coherence of descriptors in topic modeling},
  author={O’Callaghan, Derek and Greene, Derek and Carthy, Joe and Cunningham, P{\'a}draig},
  journal={Expert Systems with Applications},
  volume={42},
  number={13},
  pages={5645--5657},
  year={2015},
  publisher={Elsevier}
}

# Gensim
@inproceedings{rehurek_lrec,
      title = {{Software Framework for Topic Modelling with Large Corpora}},
      author = {Radim {\v R}eh{\r u}{\v r}ek and Petr Sojka},
      booktitle = {{Proceedings of the LREC 2010 Workshop on New
           Challenges for NLP Frameworks}},
      pages = {45--50},
      year = 2010,
      month = May,
      day = 22,
      publisher = {ELRA},
      address = {Valletta, Malta},
      language={English}
}

# Topic detection in newspapers

@article{guo2016big,
  title={Big social data analytics in journalism and mass communication: Comparing dictionary-based text analysis and unsupervised topic modeling},
  author={Guo, Lei and Vargo, Chris J and Pan, Zixuan and Ding, Weicong and Ishwar, Prakash},
  journal={Journalism \& Mass Communication Quarterly},
  volume={93},
  number={2},
  pages={332--359},
  year={2016},
  publisher={SAGE Publications Sage CA: Los Angeles, CA}
}

@inproceedings{po2016topic,
  title={Topic Detection in Multichannel Italian Newspapers},
  author={Po, Laura and Rollo, Federica and Lado, Raquel Trillo},
  booktitle={Semanitic Keyword-based Search on Structured Data Sources},
  pages={62--75},
  year={2016},
  organization={Springer}
}

@inproceedings{dai2010online,
  title={Online topic detection and tracking of financial news based on hierarchical clustering},
  author={Dai, Xiang-Ying and Chen, Qing-Cai and Wang, Xiao-Long and Xu, Jun},
  booktitle={Machine Learning and Cybernetics (ICMLC), 2010 International Conference on},
  volume={6},
  pages={3341--3346},
  year={2010},
  organization={IEEE}
}

@inproceedings{brun2000experiment,
  title={Experiment analysis in newspaper topic detection},
  author={Brun, Armelle and Sma{\"\i}li, Kamel and Haton, J-P},
  booktitle={String Processing and Information Retrieval, 2000. SPIRE 2000. Proceedings. Seventh International Symposium on},
  pages={55--64},
  year={2000},
  organization={IEEE}
}

@inproceedings{hu2016news,
  title={News hotspots detection and tracking based on LDA topic model},
  author={Hu, Xiao},
  booktitle={Progress in Informatics and Computing (PIC), 2016 International Conference on},
  pages={248--252},
  year={2016},
  organization={IEEE}
}

@article{li2017joint,
  title={Joint image-text news topic detection and tracking by multimodal topic and-or graph},
  author={Li, Weixin and Joo, Jungseock and Qi, Hang and Zhu, Song-Chun},
  journal={IEEE Transactions on Multimedia},
  volume={19},
  number={2},
  pages={367--381},
  year={2017},
  publisher={IEEE}
}

@inproceedings{cataldi2010emerging,
  title={Emerging topic detection on twitter based on temporal and social terms evaluation},
  author={Cataldi, Mario and Di Caro, Luigi and Schifanella, Claudio},
  booktitle={Proceedings of the tenth international workshop on multimedia data mining},
  pages={4},
  year={2010},
  organization={ACM}
}

@article{jang2015polarized,
  title={Polarized frames on “climate change” and “global warming” across countries and states: Evidence from Twitter big data},
  author={Jang, S Mo and Hart, P Sol},
  journal={Global Environmental Change},
  volume={32},
  pages={11--17},
  year={2015},
  publisher={Elsevier}
}

@article{ali2018measuring,
  title={Measuring, Understanding, and Classifying News Media Sympathy on Twitter after Crisis Events},
  author={Ali, Abdallah El and Stratmann, Tim C and Park, Souneil and Sch{\"o}ning, Johannes and Heuten, Wilko and Boll, Susanne CJ},
  journal={arXiv preprint arXiv:1801.05802},
  year={2018}
}


